\renewcommand\bibname{Bibliography}
\begin{thebibliography}{9}

%%% 1.Introduction: %%%
\bibitem{govprivacy}
\texttt{https://www.gov.uk/government/uploads/system/uploads/attachment\_data/file/246019/bis\-13\-1209\-smart\-cities\-background\-paper\-digital.pdf}

\bibitem{appsshare}
http://techscience.org/a/2015103001/

\bibitem{breacheslist}
https://en.wikipedia.org/wiki/List\_of\_data\_breaches

\bibitem{wikismartcity}
https://en.wikipedia.org/wiki/Smart\_city

\bibitem{sweeney}
@article{sweeney2000simple,
  title={Simple demographics often identify people uniquely},
  author={Sweeney, Latanya},
  journal={Health (San Francisco)},
  volume={671},
  pages={1--34},
  year={2000}
}

\bibitem{unique}
@article{de2013unique,
  title={Unique in the crowd: The privacy bounds of human mobility},
  author={de Montjoye, Yves-Alexandre and Hidalgo, C{\'e}sar A and Verleysen, Michel and Blondel, Vincent D},
  journal={Scientific reports},
  volume={3},
  year={2013},
  publisher={Nature Publishing Group}
}

\bibitem{etzioni}
@book{etzioni2008limits,
  title={The limits of privacy},
  author={Etzioni, Amitai},
  year={2008},
  publisher={Basic Books}
}

%%%%%%%%%%%%%%%%%%%%%%%%%
%%% 2.Background: %%%
%2.1.
\bibitem{popathesis}
@phdthesis{popa2010provable,
  title={Provable and practical location privacy for vehicular and mobile systems},
  author={Popa, Raluca Ada},
  year={2010},
  school={Massachusetts Institute of Technology}
}

%2.2.
\bibitem{vpriv}
@inproceedings{popa2009vpriv,
  title={VPriv: Protecting Privacy in Location-Based Vehicular Services.},
  author={Popa, Raluca A and Balakrishnan, Hari and Blumberg, Andrew J}
}

%2.3.
\bibitem{privstats}
@inproceedings{popa2011privacy,
  title={Privacy and accountability for location-based aggregate statistics},
  author={Popa, Raluca Ada and Blumberg, Andrew J and Balakrishnan, Hari and Li, Frank H},
  booktitle={Proceedings of the 18th ACM conference on Computer and communications security},
  pages={653--666},
  year={2011},
  organization={ACM}
}

%2.4
\bibitem{enigma}
@article{zyskind2015enigma,
  title={Enigma: Decentralized Computation Platform with Guaranteed Privacy},
  author={Zyskind, Guy and Nathan, Oz and Pentland, Alex},
  journal={arXiv preprint arXiv:1506.03471},
  year={2015}
}

%2.5
\bibitem{sanjit}
@incollection{chatterjee2009new,
  title={A new protocol for the nearby friend problem},
  author={Chatterjee, Sanjit and Karabina, Koray and Menezes, Alfred},
  booktitle={Cryptography and Coding},
  pages={236--251},
  year={2009},
  publisher={Springer}
}

%2.6
\bibitem{chord}
@article{stoica2001chord,
  title={Chord: A scalable peer-to-peer lookup service for internet applications},
  author={Stoica, Ion and Morris, Robert and Karger, David and Kaashoek, M Frans and Balakrishnan, Hari},
  journal={ACM SIGCOMM Computer Communication Review},
  volume={31},
  number={4},
  pages={149--160},
  year={2001},
  publisher={ACM}
}

%2.7
\bibitem{worktogether}
@inproceedings{sedayao2014making,
  title={Making Big Data, Privacy, and Anonymization Work Together in the Enterprise: Experiences and Issues},
  author={Sedayao, Jeff and Bhardwaj, Romil and Gorade, Nakul},
  booktitle={Big Data (BigData Congress), 2014 IEEE International Congress on},
  pages={601--607},
  year={2014},
  organization={IEEE}
}

%2.8
\bibitem{louislesterpierre}
@inproceedings{zhong2007louis,
  title={Louis, lester and pierre: Three protocols for location privacy},
  author={Zhong, Ge and Goldberg, Ian and Hengartner, Urs},
  booktitle={Privacy Enhancing Technologies},
  pages={62--76},
  year={2007},
  organization={Springer}
}

%2.9
\bibitem{smpc}
@article{lindell2009secure,
  title={Secure multiparty computation for privacy-preserving data mining},
  author={Lindell, Yehuda and Pinkas, Benny},
  journal={Journal of Privacy and Confidentiality},
  volume={1},
  number={1},
  pages={5},
  year={2009}
}

%2.10
\bibitem{differentialprivacy}
@incollection{dwork2008differential,
  title={Differential privacy: A survey of results},
  author={Dwork, Cynthia},
  booktitle={Theory and applications of models of computation},
  pages={1--19},
  year={2008},
  publisher={Springer}
}

\bibitem{datacoup}
@misc{datacoup,
  title = {DataCoup},
  howpublished = {\url{https://datacoup.com/}},
  year = 2016,
  note = {Accessed: 2016-01-24}
}

\bibitem{citizenme}
@misc{CitizenMe,
  title = {CitizenMe},
  howpublished = {\url{http://www.citizenme.com/}},
  year = 2015,
  note = {Accessed: 2016-01-24}
}

\bibitem{peopleio}
@misc{peopleio,
  title = {PeopleIO},
  howpublished = {\url{https://people.io/}},
  year = 2016,
  note = {Accessed: 2016-01-24}
}

\bibitem{digime}
@misc{digime,
  title = {DigiMe},
  howpublished = {\url{https://get.digi.me/}},
  year = 2016,
  note = {Accessed: 2016-01-24}
}

%%%%%%%%%%%%%%%%%%%%%%%%%
%%% 3.Implementation: %%%
%3.1
\bibitem{defs}
@article{benisch2011capturing,
  title={Capturing location-privacy preferences: quantifying accuracy and user-burden tradeoffs},
  author={Benisch, Michael and Kelley, Patrick Gage and Sadeh, Norman and Cranor, Lorrie Faith},
  journal={Personal and Ubiquitous Computing},
  volume={15},
  number={7},
  pages={679--694},
  year={2011},
  publisher={Springer}
}

%3.2
\bibitem{damiani}
@article{damiani2014location,
  title={Location privacy models in mobile applications: conceptual view and research directions},
  author={Damiani, Maria Luisa},
  journal={Geoinformatica},
  volume={18},
  number={4},
  pages={819--842},
  year={2014},
  publisher={Springer}
}

%3.3
\bibitem{unifiedframework}
@techreport{shokri2010unified,
  title={A unified framework for location privacy},
  author={Shokri, Reza and Freudiger, Julien and Hubaux, Jean-Pierre},
  year={2010}
}

%3.4
\bibitem{cryptdb}
@inproceedings{popa2011cryptdb,
  title={CryptDB: protecting confidentiality with encrypted query processing},
  author={Popa, Raluca Ada and Redfield, Catherine and Zeldovich, Nickolai and Balakrishnan, Hari},
  booktitle={Proceedings of the Twenty-Third ACM Symposium on Operating Systems Principles},
  pages={85--100},
  year={2011},
  organization={ACM}
}
%%%%%%%%%%%%%%%%%%%%%%%%%
%%% 4.Evaluation: %%%

%%%%%%%%%%%%%%%%%%%%%%%%%
%%% 5.Conclusion: %%%

\bibitem{guardian}
The Guardian. (2013). \textit{You think Facebook is free? Well, it'll only cost you your private life}. Available from: \\\texttt{http://www.theguardian.com/commentisfree/2013/dec/29/observer-editorial-digital\--privacy} [Accessed 20th Jan. 2016]



\bibitem{valueofdata}
Leo Polovet. (2015). \textit{The Value of Data}. Available from:
\\\texttt{http://codingvc.com/tag/value-of-data} [Accessed 28th May 2016]

\bibitem{privandcity}
@article{rossi2015privacy,
  title={Privacy and the City: User Identification and Location Semantics in Location-Based Social Networks},
  author={Rossi, Luca and Williams, Matthew J and Stich, Christoph and Musolesi, Mirco},
  journal={arXiv preprint arXiv:1503.06499},
  year={2015}
}

\bibitem{bluekai}
Oracle BlueKai Platform/Exchange FAQs. Available from:
\\\texttt{https://docs.oracle.com/cloud/latest/daasmarketing\_gs/DSMKT/GUID-418EDA59\--1BD9-40F6-9D57-DD7C266555FF.htm\#DSMKT3616} [Accessed 24th Jan. 2016]

\bibitem{anonhomework}
@incollection{golle2009anonymity,
  title={On the anonymity of home/work location pairs},
  author={Golle, Philippe and Partridge, Kurt},
  booktitle={Pervasive computing},
  pages={390--397},
  year={2009},
  publisher={Springer}
}

\bibitem{quantifylocationprivacy}
@inproceedings{shokri2011quantifying,
  title={Quantifying location privacy},
  author={Shokri, Reza and Theodorakopoulos, George and Le Boudec, Jean-Yves and Hubaux, Jean-Pierre},
  booktitle={Security and privacy (sp), 2011 ieee symposium on},
  pages={247--262},
  year={2011},
  organization={IEEE}
}



\bibitem{facebook}
General Account Settings of Facebook - \textit{Download a copy of your Facebook data} option (2016). Available from:
\\\texttt{https://www.facebook.com/settings} [Accessed 24th Jan. 2016]

\bibitem{facebookprivacy}
Facebook User Data policy (2016). Available from: 
\\\texttt{https://www.facebook.com/about/privacy} [Accessed 28th Jan. 2016]

\bibitem{howmuchdata}
George Simos. (2015) \textit{How Much Data Is Generated Every Minute On Social Media?}. Available from:
\\\texttt{http://wersm.com/how-much-data-is-generated-every-minute-on-social-media/} [Accessed 28th Jan. 2016]

%\bibitem{petridish}
%Michael Szell, Roberta Sinatra, Giovanni Petri, Stefan Thurner, Vito Latora. (2012) \texttt{Understanding Mobility in a Social Petri Dish}. Available from:
%\\\texttt{http://www.nature.com/articles/srep00457?trendmd-shared=0}



\end{thebibliography}









